
@article{en3,
  title={{The Mechanism and Effectiveness of Credit Scoring of P2P Lending Platform: Evidence from Renrendai.com}},
  author={Li, Qiang and Chen, Liwen and Zeng, Yong},
  journal={China Finance Review International},
  volume={8},
  number={3},
  pages={256--274},
  year={2018},
  publisher={Emerald Publishing Limited}
}


@article{en2,
   author = {Carlstrom, Charles T and Fuerst, Timothy S},
   title = {{Agency Costs, Net Worth, and Business Fluctuations: A Computable General Equilibrium Analysis}},
   journal = {The American Economic Review},
   pages = {893-910},
   ISSN = {0002-8282},
   year = {1997},
   type = {Journal Article}
}

@article{en1,
   author = {Quadrini, Vincenzo},
   title = {{Financial Frictions in Macroeconomic Fluctuations}},
   journal = {FRB Richmond Economic Quarterly},
   volume = {97},
   number = {3},
   pages = {209-254},
   year = {2011},
   type = {Journal Article}
}

@article{cn1,
   author = {方军雄},
   key = {fang1 jun1 xiong2},
   title = {{所有制、制度环境与信贷资金配置}},
   journal = {经济研究},
   number = {12},
   pages = {82-92},
   ISSN = {0577-9154},
   year = {2007},
   type = {Journal Article}
}

@article{cn2,
   author = {刘凤良 and 章潇萌 and 于泽},
   key = {liu2 feng4 liang2 zhang1 xiao1 meng2 yu2 ze2},
   title = {{高投资、结构失衡与价格指数二元分化}},
   journal = {金融研究},
   number = {02},
   pages = {54-69},
   ISSN = {1002-7246},
   year = {2017},
   type = {Journal Article}
}

@article{cn3,
   author = {吕捷 and 王高望},
   key = {lv3 jie2 wang2 gao1 wang4},
   title = {{CPI 与 PPI “背离”的结构性解释}},
   journal = {经济研究},
   volume = {50},
   number = {04},
   pages = {136-149},
   ISSN = {0577-9154},
   year = {2015},
   type = {Journal Article}
}


@article{SAE,
   author = {SAE},
   title = {{SAEJ1772.pdf}},
}

@article{Pattern,
   author = {Preh},
   title = {{Practice\_Requirement\_Pattern.pdf}},
}

@article{Review,
   author = {Preh},
   title = {{Review\_protocol\_Template.xlsm}},
}

@article{PHEV,
   author = {Preh},
   title = {{C001-PHEV项目BOBCDCD变换器总成软件规格书}},
}


@article{zs,
   author = {WeiXin},
   title = {{国内外电动汽车充电系统标准综述}},
}

@article{IEC61851,
   author = {WeiXin},
   title = {{IEC61851-1-2010-控制导引电路相关内容}},
}



@article{zhao,
   author = {赵春洋},
   title = {{10kW电动汽车车载充电机及其软件策略研究}},
}


@article{MDOT1,
   author = {Preh},
   title = {{Module Design of XX (Template).xlsx}},
}

@article{GB18487_1,
   author = {GBT},
   title = {{GB-T18487.1-2015 电动车辆传导充电系统:通用要求}},
}

@article{GB18487_2,
   author = {GBT},
   title = {{GB-T18487.1-2017 电动车辆传导充电系统: 非车载传导供电设备电磁兼容要求}},
}

@article{GB18487_3,
   author = {GBT},
   title = {{GB-T18487.3-2001 电动车辆传导充电系统:电动车辆交流直流充电机(站)}},
}

@article{GB18487_4,
   author = {GBT},
   title = {{GB-T18487.4-2021 电动汽车传导充放电系统：车辆对外放电要求}},
}


@article{GB20234_1,
   author = {GBT},
   title = {{GBT 20234.1-2023 电动汽车充电用连接装置：通用要求}},
}

@article{GB20234_2,
   author = {GBT},
   title = {{GBT 20234.2-2015 电动汽车充电用连接装置：交流充电接口}},
}

@article{GB20234_3,
   author = {GBT},
   title = {{GBT 20234.3-2015 电动汽车充电用连接装置：直流充电接口}},
}
