@article{wang2014research,
  title={Research status and industrialization development strategy of Chinese industrial robot},
  author={Wang, Tianmiao and Tao, Yong},
  journal={Journal of mechanical engineering},
  volume={50},
  number={9},
  pages={1},
  year={2014}
}%1

@article{Vysock2016HUMANR,
 title={HUMAN â€“ ROBOT COLLABORATION IN INDUSTRY},
 author={Ale{\vs} Vysock{\'y} and P. Nov{\'a}k},
 journal={MM Science Journal},
 year={2016},
 volume={2016},
 pages={903-906}
}%2

@article{helbing1995social,
  title={Social force model for pedestrian dynamics},
  author={Helbing, Dirk and Molnar, Peter},
  journal={Physical review E},
  volume={51},
  number={5},
  pages={4282},
  year={1995},
  publisher={APS}
}%3

@inproceedings{yamaguchi2011you,
  title={Who are you with and where are you going?},
  author={Yamaguchi, Kota and Berg, Alexander C and Ortiz, Luis E and Berg, Tamara L},
  booktitle={CVPR 2011},
  pages={1345--1352},
  year={2011},
  organization={IEEE}
}%4

@article{hao2011pedestrian,
  title={Pedestrian flow dynamics in a lattice gas model coupled with an evolutionary game},
  author={Hao, Qing-Yi and Jiang, Rui and Hu, Mao-Bin and Jia, Bin and Wu, Qing-Song},
  journal={Physical Review E},
  volume={84},
  number={3},
  pages={036107},
  year={2011},
  publisher={APS}
}%5

@article{nicolas2016statistical,
  title={Statistical fluctuations in pedestrian evacuation times and the effect of social contagion},
  author={Nicolas, Alexandre and Bouzat, Sebasti{\'a}n and Kuperman, Marcelo N},
  journal={Physical Review E},
  volume={94},
  number={2},
  pages={022313},
  year={2016},
  publisher={APS}
}%6

@article{yang2018dmps,
  title={A DMPs-based framework for robot learning and generalization of humanlike variable impedance skills},
  author={Yang, Chenguang and Zeng, Chao and Fang, Cheng and He, Wei and Li, Zhijun},
  journal={IEEE/ASME Transactions on Mechatronics},
  volume={23},
  number={3},
  pages={1193--1203},
  year={2018},
  publisher={IEEE}
}

@article{tanimoto2010study,
  title={Study of bottleneck effect at an emergency evacuation exit using cellular automata model, mean field approximation analysis, and game theory},
  author={Tanimoto, Jun and Hagishima, Aya and Tanaka, Yasukaka},
  journal={Physica A: statistical mechanics and its applications},
  volume={389},
  number={24},
  pages={5611--5618},
  year={2010},
  publisher={Elsevier}
}%7

@article{nash1950bargaining,
  title={The bargaining problem},
  author={Nash Jr, John F},
  journal={Econometrica: Journal of the econometric society},
  pages={155--162},
  year={1950},
  publisher={JSTOR}
}%8

@article{alonso2014simulation,
  title={Simulation of counterflow pedestrian dynamics using spheropolygons},
  author={Alonso-Marroquin, Fernando and Busch, Jonathan and Chiew, Coraline and Lozano, Celia and Ram{\'\i}rez-G{\'o}mez, {\'A}lvaro},
  journal={Physical Review E},
  volume={90},
  number={6},
  pages={063305},
  year={2014},
  publisher={APS}
}%9

@article{langston2006crowd,
  title={Crowd dynamics discrete element multi-circle model},
  author={Langston, Paul A and Masling, Robert and Asmar, Basel N},
  journal={Safety Science},
  volume={44},
  number={5},
  pages={395--417},
  year={2006},
  publisher={Elsevier}
}%10

@book{catlin2012estimation,
  title={Estimation, control, and the discrete Kalman filter},
  author={Catlin, Donald E},
  volume={71},
  year={2012},
  publisher={Springer Science \& Business Media}
}%11

@inproceedings{li2015kalman,
  title={Kalman filter and its application},
  author={Li, Qiang and Li, Ranyang and Ji, Kaifan and Dai, Wei},
  booktitle={2015 8th International Conference on Intelligent Networks and Intelligent Systems (ICINIS)},
  pages={74--77},
  year={2015},
  organization={IEEE}
}%12

@inproceedings{xie2011study,
  title={Study on the dynamics of indoor pedestrian evacuation based on the game},
  author={Xie, Ji-Jian and Xue, Yu},
  booktitle={2011 Seventh International Conference on Natural Computation},
  volume={4},
  pages={2283--2287},
  year={2011},
  organization={IEEE}
}%13

@article{zheng2011conflict,
  title={Conflict game in evacuation process: A study combining Cellular Automata model},
  author={Zheng, Xiaoping and Cheng, Yuan},
  journal={Physica A: Statistical Mechanics and its Applications},
  volume={390},
  number={6},
  pages={1042--1050},
  year={2011},
  publisher={Elsevier}
}%14

@article{farina2017walking,
  title={Walking ahead: The headed social force model},
  author={Farina, Francesco and Fontanelli, Daniele and Garulli, Andrea and Giannitrapani, Antonio and Prattichizzo, Domenico},
  journal={PloS one},
  volume={12},
  number={1},
  pages={e0169734},
  year={2017},
  publisher={Public Library of Science San Francisco, CA USA}
}%15

@article{kim2018introduction,
  title={Introduction to Kalman filter and its applications},
  author={Kim, Youngjoo and Bang, Hyochoong},
  journal={Introduction and Implementations of the Kalman Filter},
  volume={1},
  pages={1--16},
  year={2018},
  publisher={IntechOpen}
}%16

@article{ma2016artificial,
  title={An artificial intelligence-based approach for simulating pedestrian movement},
  author={Ma, Yi and Lee, Eric Wai Ming and Yuen, Richard Kwok Kit},
  journal={IEEE Transactions on Intelligent Transportation Systems},
  volume={17},
  number={11},
  pages={3159--3170},
  year={2016},
  publisher={IEEE}
}%17

@article{song2018data,
  title={A data-driven neural network approach to simulate pedestrian movement},
  author={Song, Xiao and Han, Daolin and Sun, Jinghan and Zhang, Zenghui},
  journal={Physica A: Statistical Mechanics and its Applications},
  volume={509},
  pages={827--844},
  year={2018},
  publisher={Elsevier}
}%18

@inproceedings{alahi2016social,
  title={Social lstm: Human trajectory prediction in crowded spaces},
  author={Alahi, Alexandre and Goel, Kratarth and Ramanathan, Vignesh and Robicquet, Alexandre and Fei-Fei, Li and Savarese, Silvio},
  booktitle={Proceedings of the IEEE conference on computer vision and pattern recognition},
  pages={961--971},
  year={2016}
}%19

@inproceedings{ghosh2017learning,
  title={Learning human motion models for long-term predictions},
  author={Ghosh, Partha and Song, Jie and Aksan, Emre and Hilliges, Otmar},
  booktitle={2017 International Conference on 3D Vision (3DV)},
  pages={458--466},
  year={2017},
  organization={IEEE}
}%20

@inproceedings{liu2015safe,
  title={Safe exploration: Addressing various uncertainty levels in human robot interactions},
  author={Liu, Changliu and Tomizuka, Masayoshi},
  booktitle={2015 American Control Conference (ACC)},
  pages={465--470},
  year={2015},
  organization={IEEE}
}%21

@inproceedings{cheng2019human,
  title={Human motion prediction using semi-adaptable neural networks},
  author={Cheng, Yujiao and Zhao, Weiye and Liu, Changliu and Tomizuka, Masayoshi},
  booktitle={2019 American Control Conference (ACC)},
  pages={4884--4890},
  year={2019},
  organization={IEEE}
}%22

@article{abuduweili2019adaptable,
  title={Adaptable human intention and trajectory prediction for human-robot collaboration},
  author={Abuduweili, Abulikemu and Li, Siyan and Liu, Changliu},
  journal={arXiv preprint arXiv:1909.05089},
  year={2019}
}%23

@INPROCEEDINGS{wei2019safe,
  author={T. {Wei} and Changliu Liu},
  booktitle={2019 IEEE 58th Conference on Decision and Control (CDC)},
  title={Safe Control Algorithms Using Energy Functions: A Unified Framework, Benchmark, and New Directions},
  year={2019},
  volume={},
  number={},
  pages={238-243},
}%24

@article{li2004establishment,
  title={The Establishment of Self-adapting Algorithm of {BP} Neural Network and Its Application},
  author={Li, Xiao-Feng and Xu, Jiu-Ping and Wang, Yin-Qing and He, Chang-Zheng},
  journal={Systems Engineering - Theory \& Practice},
  volume={5},
  year={2004}
}%25

@article{xiao2010study,
  title={Study on data normalization in bp neural network},
  author={Liu, Xiao-Tong},
  journal={Mechanical engineering \& automation},
  volume={3},
  pages={122--123},
  year={2010}
}%26

@article{yang2017personalized,
  title={Personalized variable gain control with tremor attenuation for robot teleoperation},
  author={Yang, Chenguang and Luo, Jing and Pan, Yongping and Liu, Zhi and Su, Chun-Yi},
  journal={IEEE Transactions on Systems, Man, and Cybernetics: Systems},
  volume={48},
  number={10},
  pages={1759--1770},
  year={2017},
  publisher={IEEE}
}

@article{valeria2018survey,
title = "Survey on human-robot collaboration in industrial settings: Safety, intuitive interfaces and applications",
journal = "Mechatronics",
volume = "55",
pages = "248 - 266",
year = "2018",
author = "Valeria Villani and Fabio Pini and Francesco Leali and Cristian Secchi",
}

@inproceedings{yang2004multi,
  title={Multi-objective optimization for upper body posture prediction},
  author={Yang, Jingzhou and Marler, R Timothy and Kim, HyungJoo and Arora, Jasbir and Abdel-Malek, Karim},
  booktitle={10th AIAA/ISSMO multidisciplinary analysis and optimization conference},
  pages={4506},
  year={2004}
}

@article{zhao2020pose,
  title={Pose-Forecasting Aided Human Video Prediction With Graph Convolutional Networks},
  author={Zhao, Yang and Dou, Yong},
  journal={IEEE Access},
  volume={8},
  pages={147256--147264},
  year={2020},
  publisher={IEEE}
}

@article{sussex101576,
           month = {September},
           title = {Trajectory on-line adaption based on human motion prediction for teleoperation},
          author = {Jing Luo and Darong Huang and Yanan Li and Chenguang Yang},
       publisher = {IEEE},
            year = {2021},
         journal = {IEEE Transactions on Automation Science and Engineering},
             url = {http://sro.sussex.ac.uk/id/eprint/101576/},
        abstract = {In this work, a human motion intention prediction method based on an autoregressive (AR) model for teleoperation is developed. Based on this method, the robot?s motion trajectory can be updated in real time through updating the parameters of the AR model. In the teleoperated robot?s control loop, a virtual force model is defined to describe the interaction profile and to correct the robot?s motion trajectory in real time. The proposed human motion prediction algorithm acts a feedforward model to update the robot?s motion and to revise this motion in the process of human-robot interaction. The convergence of this method is analysed theoretically. Comparative studies demonstrate the enhanced performance of the proposed approach.}
}

@article{yang2018haptics,
  title={Haptics electromyography perception and learning enhanced intelligence for teleoperated robot},
  author={Yang, Chenguang and Luo, Jing and Liu, Chao and Li, Miao and Dai, Shi-Lu},
  journal={IEEE Transactions on Automation Science and Engineering},
  volume={16},
  number={4},
  pages={1512--1521},
  year={2018},
  publisher={IEEE}
}

@article{yang2018learning,
  title={A learning framework of adaptive manipulative skills from human to robot},
  author={Yang, Chenguang and Zeng, Chao and Cong, Yang and Wang, Ning and Wang, Min},
  journal={IEEE Transactions on Industrial Informatics},
  volume={15},
  number={2},
  pages={1153--1161},
  year={2018},
  publisher={IEEE}
}
